% Encoding: UTF-8


@inbook{decision_tree,
    author = {S. Russel and P. Norvig},
    title ={Artificial Intelligence: A Modern Approach},
    publisher = {Prentice Hall},
    year = {2009},
    volume  = {3},
    pages = {697-707},
    edition= {3}
}

@Misc{cbr2008,
  note = {http://www.cbrobotica. org/wp-content/uploads/2014/03/VerySmall2008\_en.pdf}
}

@article{orozcomaquinas,
  title={M{\'a}quinas de Estados Finitos},
  author={Orozco, Jorge Alejandro Guti{\'e}rrez and de C{\'o}mputo, Escuela Superior}
}


@InProceedings{bellingham2002,
  author =       {John Bellingham and Arthur Richards and Jonathan P. How},
  title =        {Receding Horizon Control of Autonomous Aerial Vehicles},
  booktitle =    {Proceedings of the American Control Conference, Anchorage, AK, USA},
  year =         {2002},
  pages = {3741 - 3746}
}


@Misc{howiechoset,
  author = {James Kuffner},
  title =  {Howie {C}hoset with slides from {J}ames {K}uffner}
}

@article{dijkstra59,
   author = "Edsger. W. Dijkstra",
   title = "A note on two problems in connexion with graphs.",
   year = "1959",
   journal = "Numerische Mathematik",
   volume = 1,
   pages = {269-271} 
}

@article{delaunay34,
   author = "Boris Delaunay",
   title = "Sur la sph\'{e}re vide",
   year = "1934",
   journal = "Bulletin de l'Académie des Sciences de l'URSS",
   volume = 6,
   pages = {793-800} 
}

@article{voronoi08,
   author = "Georgy Voronoi",
   title = "Nouvelles applications des paramètres continus à la théorie des formes quadratiques",
   year = "1908",
   journal = "Journal für die Reine und Angewandte Mathematik",
   volume = 133,
   pages = {97-178} 
}

@InProceedings{james2002,
  author =  {James Bruce and M. Veloso},
  title =   {Real-Time Randomized Path Planning for Robot Navigation},
  booktitle = {Intelligent Robots and Systems, IEEE/RSJ International Conference},
  year =    {2002},
  pages = {2383 - 2388} 
}

@Article{khatib1986,
  author =  {Oussama Khatib},
  title =   {Real-Time Obstacle Avoidance for Manipulators and Mobile Robots},
  journal = {The International Journal of Robotics Research},
  year =    {1986},
  volume =  {5},
  number =  {1},
 pages = {90 - 98}
}

@Article{lavalle2011,
  author =  {Steven M. LaValle},
  title =   {Motion planning: The essentials},
  journal = {IEEE Robotics and Automation Society Magazine},
  volume = {18},
  number = {1},
  pages = {79 - 89},
  year =    {2011}
}

@InBook{maciejowski2002,
  chapter =   {1-3},
  pages =     {1-107},
  title =     {Predictive Control with Constraints},
  publisher = {Prentice Hall},
  year =      {2002},
  author =    {Jan Marian Maciejowski}
}

@Article{marcos2015,
  author =  {Marcos R. O. A. M\'{a}ximo},
  title =   {Model Predictive ConControl for trajectory tracking by differential drive robot with actuation constraints},
  journal = {Simp\'{o}sio Brasileiro de Automa\c{c}\~{a}o Inteligente},
  year =    {2015}
}

@MastersThesis{rubens2009,
  author = {Rubens Junqueira Magalhães Afonso},
  title =  {Development of an User Interface and Algorithm for Three-Dimensional Path Planning for an Umanned Aerial Vehicle},
  school = {Instituto Tecnol\'{o}gico de Aeron\'{a}utica},
  year =   {2009},
  type =   {Trabalho de Gradua\c{c}\~{a}o}
}

@PhDThesis{rubens2015,
  author = {Rubens Junqueira Magalhães Afonso},
  title =  {Fault-Tolerant Predictive Control with trajectory planning in the presence of obstacles},
  school = {Instituto Tecnol\'{o}gico de Aeron\'{a}utica},
  year =   {2015},
  type =   {Tese de Doutorado},
}


